@article{Abersonetal2011,
author = {Aberson, Sim D. and Majumdar, Sharanya J. and Reynolds, Carolyn a. and Etherton, Brian J.},
file = {:Users/ahil818/Documents/Mendeley Desktop/2011/Abersonetal2011.pdf:pdf},
issn = {0027-0644},
journal = {Monthly Weather Review},
month = mar,
number = {3},
pages = {895--907},
title = {{An observing system experiment for tropical cyclone targeting techniques using the Global Forecast System}},
volume = {139},
year = {2011}
}
@article{Alexanderetal1999,
author = {Alexander, David G. and Weinman, James A. and Karyampudi, V. Mohan and Olson, William S. and Lee, A. C. L.},
file = {:Users/ahil818/Documents/Mendeley Desktop/1999/Alexanderetal1999.pdf:pdf},
journal = {Monthly Weather Review},
pages = {1433--1457},
title = {{The effect of assimilating rain rates derived from satellites and lightning on forecasts of the 1993 Superstorm}},
volume = {127},
year = {1999}
}
@article{Ancell2013,
author = {Ancell, Brian C.},
file = {:Users/ahil818/Documents/Mendeley Desktop/2013/Ancell2013.pdf:pdf},
issn = {0882-8156},
journal = {Weather and Forecasting},
month = dec,
number = {6},
pages = {1353--1365},
title = {{Nonlinear characteristics of ensemble perturbation evolution and their application to forecasting high-impact events}},
volume = {28},
year = {2013}
}
@article{AncellandHakim2007a,
author = {Ancell, Brian C. and Hakim, Gregory J.},
file = {:Users/ahil818/Documents/Mendeley Desktop/2007/AncellAndHakim2007.pdf:pdf},
issn = {0027-0644},
journal = {Monthly Weather Review},
month = dec,
number = {12},
pages = {4117--4134},
title = {{Comparing adjoint- and ensemble-sensitivity analysis with applications to observation targeting}},
volume = {135},
year = {2007}
}
@article{AncellandHakim2007b,
author = {Ancell, Brian C. and Hakim, Gregory J.},
journal = {Meteorologische Zeitschrift},
number = {6},
pages = {635--642},
title = {{Interpreting adjoint and ensemble sensitivity toward development of optimal observation targeting strategies}},
volume = {16},
year = {2007}
}
@article{Ancelletal2011,
author = {Ancell, Brian C. and Mass, Clifford F. and Hakim, Gregory J.},
file = {:Users/ahil818/Documents/Mendeley Desktop/2011/Ancelletal2011.pdf:pdf},
journal = {Monthly Weather Review},
number = {6},
pages = {2008--2024},
title = {{Evaluation of surface analyses and forecasts with a multiscale ensemble Kalman filter in regions of complex terrain}},
volume = {139},
year = {2011}
}
@article{Anderson2001,
author = {Anderson, Jeffrey L.},
file = {:Users/ahil818/Documents/Mendeley Desktop/2001/Anderson2001.pdf:pdf},
journal = mwr,
number = {12},
pages = {2884--2903},
title = {{An ensemble adjustment Kalman filter for data assimilation}},
volume = {129},
year = {2001}
}
@article{Anderson2009,
author = {Anderson, Jeffrey L.},
file = {:Users/ahil818/Documents/Mendeley Desktop/2009/Anderson2009.pdf:pdf},
issn = {02806495},
journal = {Tellus A},
month = jan,
number = {1},
pages = {72--83},
title = {{Spatially and temporally varying adaptive covariance inflation for ensemble filters}},
volume = {61},
year = {2009}
}
@article{Anderson2007,
author = {Anderson, Jeffrey L.},
file = {:Users/ahil818/Documents/Mendeley Desktop/2007/Anderson2007.pdf:pdf},
issn = {0280-6495},
journal = {Tellus A},
month = mar,
number = {2},
pages = {210--224},
title = {{An adaptive covariance inflation error correction algorithm for ensemble filters}},
volume = {59},
year = {2007}
}
@article{AndersonandAnderson1999,
author = {Anderson, Jeffrey L. and Anderson, Stephen L.},
file = {:Users/ahil818/Documents/Mendeley Desktop/1999/AndersonAndAnderson1999.pdf:pdf},
journal = {Monthly Weather Review},
number = {12},
pages = {2741--2758},
title = {{A Monte Carlo implementation of the nonlinear filtering problem to produce ensemble assimilations and forecasts}},
volume = {127},
year = {1999}
}
@article{Andersonetal2009,
author = {Anderson, Jeffrey L. and Hoar, Tim and Raeder, Kevin and Liu, Hui and Collins, Nancy and Torn, Ryan and Avellano, Avelino},
file = {:Users/ahil818/Documents/Mendeley Desktop/2009/AndersonEtAl2009.pdf:pdf},
issn = {0003-0007},
journal = {Bulletin of the American Meteorological Society},
month = sep,
number = {9},
pages = {1283--1296},
title = {{The data assimilation research testbed: a community facility}},
volume = {90},
year = {2009}
}
@article{Andreetal1978,
author = {Andr\'{e}, JC and Moor, G De and Lacarrere, P and Therry, G and Vachat, R Du},
file = {:Users/ahil818/Documents/Mendeley Desktop/1978/Andreetal1978.pdf:pdf},
journal = {Journal of the Atmospheric Sciences},
pages = {1861--1883},
title = {{Modeling the 24-hour evolution of the mean and turbulent structure of the planetary boundary layer}},
volume = {35},
year = {1978}
}
@article{Anwenderetal2012,
author = {Anwender, Doris and Cardinali, Carla and Jones, Sarah C.},
file = {:Users/ahil818/Documents/Mendeley Desktop/2012/Anwender2012.pdf:pdf},
journal = {Tellus A},
number = {19151},
pages = {1--17},
title = {{Data denial experiments for extratropical transition}},
volume = {64},
year = {2012}
}
@article{Awakaetal1997,
author = {Awaka, J and Iguchi, Tosliiio and Kumagai, H. and Okamoto, K},
file = {:Users/ahil818/Documents/Mendeley Desktop/1997/Awaka et al. - 1997 - Rain type classification algorithm for TRMM Precipitation Radar.pdf:pdf},
isbn = {0780338367},
journal = {Geoscience and Remote \ldots},
pages = {1633--1635},
title = {{Rain type classification algorithm for TRMM precipitation radar}},
volume = {4},
year = {1997}
}
@article{BayesandPrice1763,
author = {Bayes, Mr. and Price, Mr.},
file = {:Users/ahil818/Documents/Mendeley Desktop/1763/BayesandPrice1763.pdf:pdf},
issn = {0261-0523},
journal = {Philosophical Transactions of the Royal Society of London},
month = jan,
pages = {370--418},
title = {{An Essay towards Solving a Problem in the Doctrine of Chances. By the Late Rev. Mr. Bayes, F. R. S. Communicated by Mr. Price, in a Letter to John Canton, A. M. F. R. S.}},
volume = {53},
year = {1763}
}
@article{BednarczykandAncell2014,
author = {Bednarczyk, Chris N. and Ancell, Brian C.},
journal = mwr,
pages = {in review},
title = {{Ensemble Sensitivity Analysis Applied to a Southern Plains Convective Event}},
volume = {},
year = {2014},
}
@article{Beietal2011,
author = {Bei, Naifang and Zhang, Fuqing and Nielsen-Gammon, John W.},
file = {:Users/ahil818/Documents/Mendeley Desktop/2011/Beietal2012.pdf:pdf},
issn = {0033-4553},
journal = {Pure and Applied Geophysics},
keywords = {data assimilation,observation,observational impact factor,ozone prediction,targeting},
month = aug,
number = {3},
pages = {539--554},
title = {{Ensemble-based observation targeting for improving ozone prediction in houston and the surrounding area}},
volume = {169},
year = {2011}
}
@article{Berlineretal1999,
author = {Berliner, LM and Lu, ZQ and Snyder, C},
file = {:Users/ahil818/Documents/Mendeley Desktop/1999/Berlineretal1999.pdf:pdf},
journal = {Journal of the Atmospheric Sciences},
pages = {2536--2552},
title = {{Statistical design for adaptive weather observations}},
volume = {56},
year = {1999}
}
@article{Bishopetal2001,
author = {Bishop, CH and Etherton, Brian J. and Majumdar, Sharanya J.},
file = {:Users/ahil818/Documents/Mendeley Desktop/2001/Bishopetal2000.pdf:pdf},
issn = {0027-0644},
journal = {Monthly weather review},
month = mar,
number = {3},
pages = {420--436},
title = {{Adaptive sampling with the ensemble transform Kalman filter. Part I: Theoretical aspects}},
volume = {129},
year = {2001}
}
@article{Bryanetal2003,
author = {Bryan, George H. and Wyngaard, John C. and Fritsch, J. Michael},
file = {:Users/ahil818/Documents/Mendeley Desktop/2003/Bryanetal2003.pdf:pdf},
journal = {Monthly Weather Review},
pages = {2394--2416},
title = {{Resolution requirements for the simulation of deep moist convection}},
volume = {131},
year = {2003}
}
@article{BuizzaandMontani1999,
author = {Buizza, R and Montani, A},
file = {:Users/ahil818/Documents/Mendeley Desktop/1999/Kingdom - 1999 - Targeting Observations Using Singular Vectors.pdf:pdf},
journal = {Journal of the Atmospheric Sciences},
number = {1996},
pages = {2965--2985},
title = {{Targeting observations using singular vectors}},
year = {1999}
}
@article{Busingeretal1971,
author = {Businger, JA and Wyngaard, JC and Izumi, Y and Bradley, EF},
file = {:Users/ahil818/Documents/Mendeley Desktop/1971/Busingeretal1971.pdf:pdf},
journal = {Journal of the Atmospheric Sciences},
pages = {181--189},
title = {{Flux-profile relationships in the atmospheric surface layer}},
volume = {28},
year = {1971}
}
@article{CarlsonandLudlam1968,
author = {Carlson, TN and Ludlam, FH},
file = {:Users/ahil818/Documents/Mendeley Desktop/1968/dryline.pdf:pdf},
journal = {Tellus},
pages = {203--226},
title = {{Conditions for the occurrence of severe local storms}},
volume = {2},
year = {1968}
}
@article{Carr1977,
author = {Carr, FH},
file = {:Users/ahil818/Documents/Mendeley Desktop/1977/Carr - 1977 - Mid-tropospheric cyclones of the summer monsoon.1007\_bf00874415:1007\_bf00874415},
journal = {pure and applied geophysics},
keywords = {mid-tropospheric cyclones,monsoon},
pages = {1383--1412},
title = {{Mid-tropospheric cyclones of the summer monsoon}},
url = {http://link.springer.com/article/10.1007/BF00874415},
volume = {115},
year = {1977}
}
@article{Changetal2001,
author = {Chang, Dong-Eon and Weinman, James A. and Morales, Carlos A. and Olson, William S.},
file = {:Users/ahil818/Documents/Mendeley Desktop/2001/Changetal2001.pdf:pdf},
journal = {Monthly Weather Review},
pages = {1809--1833},
title = {{The effect of spaceborne microwave and ground based continuous lightning measurements on forecasts of the 1998 Groundhog Day storm}},
volume = {129},
year = {2001}
}
@article{Changetal2013,
author = {Chang, Edmund K. M. and Zheng, Minghua and Raeder, Kevin},
file = {:Users/ahil818/Documents/Mendeley Desktop/2013/ChangEtAl2013.pdf:pdf},
issn = {0027-0644},
journal = {Monthly Weather Review},
month = jan,
number = {1},
pages = {211--231},
title = {{Medium-range ensemble sensitivity analysis of two extreme pacific extratropical cyclones}},
volume = {141},
year = {2013}
}
@article{ChenandDudhia2001,
author = {Chen, Fei and Dudhia, Jimy},
file = {:Users/ahil818/Documents/Mendeley Desktop/2001/ChenandDudhia2001.pdf:pdf},
issn = {0027-0644},
journal = {Monthly Weather Review},
month = apr,
number = {4},
pages = {569--585},
title = {{Coupling an advanced land surface–hydrology model with the Penn State–NCAR MM5 modeling system. Part I: Model implementation and sensitivity}},
volume = {129},
year = {2001}
}
@article{Cofferetal2013,
author = {Coffer, Brice E. and Maudlin, Lindsay C. and Veals, Peter G. and Clark, Adam J.},
file = {:Users/ahil818/Documents/Mendeley Desktop/2013/Cofferetal2013.pdf:pdf},
issn = {0882-8156},
journal = {Weather and Forecasting},
month = jun,
number = {3},
pages = {746--761},
title = {{Dryline position errors in experimental convection-allowing NSSL-WRF model forecasts and the operational NAM}},
volume = {28},
year = {2013}
}
@article{Cohnetal1994,
author = {Cohn, SE and Sivakumaran, N. S. and Todling, Ricardo},
file = {:Users/ahil818/Documents/Mendeley Desktop/1994/Cohnetal1994.pdf:pdf},
journal = {Monthly Weather Review},
pages = {2838--2867},
title = {{A fixed-lag kalman smoother for retrospective data assimilation}},
volume = {122},
year = {1994}
}
@article{Cressman1959,
author = {Cressman, GP},
file = {:Users/ahil818/Documents/Mendeley Desktop/1959/Cressman1959.pdf:pdf},
issn = {0036-8075},
journal = {Monthly Weather Review},
month = apr,
number = {693},
pages = {594--5},
title = {{An operational objective analysis system}},
volume = {27},
year = {1959}
}
@article{Dirrenetal2007,
author = {Dirren, S\'{e}bastien and Torn, Ryan D. and Hakim, Gregory J.},
file = {:Users/ahil818/Documents/Mendeley Desktop/2007/Dirren Torn and Hakim 2007.pdf:pdf},
issn = {0027-0644},
journal = {Monthly Weather Review},
month = apr,
number = {4},
pages = {1455--1473},
title = {{A data assimilation case study using a limited-area ensemble Kalman filter}},
volume = {135},
year = {2007}
}
@article{Dudhia1989,
author = {Dudhia, J},
file = {:Users/ahil818/Documents/Mendeley Desktop/1989/Dudhia1989.pdf:pdf},
journal = {Journal of the Atmospheric Sciences},
pages = {3077--3107},
title = {{Numerical study of convection observed during the winter monsoon experiment using a mesoscale two-dimensional model}},
volume = {46},
year = {1989}
}
@article{DyerandHicks1970,
author = {Dyer, AJ and Hicks, BB},
file = {:Users/ahil818/Documents/Mendeley Desktop/1970/DyerandHicks.pdf:pdf},
journal = {Quarterly Journal of the Royal Meteorological Society},
pages = {715--721},
title = {{Flux-gradient relationships in the constant flux layer}},
volume = {96},
year = {1970}
}
@article{Evensen1994,
author = {Evensen, Geir},
file = {:Users/ahil818/Documents/Mendeley Desktop/1994/Evensen1994.pdf:pdf},
issn = {0148-0227},
journal = {Journal of Geophysical Research},
number = {C5},
pages = {10143--10162},
title = {{Sequential data assimilation with a nonlinear quasi-geostrophic model using Monte Carlo methods to forecast error statistics}},
volume = {99},
year = {1994}
}
@article{Fierro2014,
author = {Fierro, Alexandre O. and Gao, Jidong and Ziegler, Conrad L. and Mansell, Edward R. and MacGorman, Donald R. and Dembek, Scott R.},
file = {:Users/ahil818/Documents/Mendeley Desktop/2014/Fierroetal2014.pdf:pdf},
issn = {0027-0644},
journal = {Monthly Weather Review},
month = jan,
number = {1},
pages = {183--202},
title = {{Evaluation of a cloud-scale lightning data assimilation technique and a 3DVAR method for the analysis and short-term forecast of the 29 June 2012 derecho event}},
volume = {142},
year = {2014}
}
@article{Fierro2012,
author = {Fierro, Alexandre O. and Mansell, Edward R. and Ziegler, Conrad L. and MacGorman, Donald R.},
file = {:Users/ahil818/Documents/Mendeley Desktop/2012/Fierroetal2012.pdf:pdf},
issn = {0027-0644},
journal = {Monthly Weather Review},
month = aug,
number = {8},
pages = {2609--2627},
title = {{Application of a lightning data assimilation technique in the WRF-ARW model at cloud-resolving scales for the tornado outbreak of 24 May 2011}},
volume = {140},
year = {2012}
}
@article{Fujita1959,
author = {Fujita, T},
file = {:Users/ahil818/Documents/Mendeley Desktop/1959/1520-0469\%281959\%29016-0454\%3Apacapi-2\%2E0\%2Eco\%3B2.pdf:pdf},
journal = {Journal of Meteorology},
pages = {454--466},
title = {{Precipitation and cold air production in mesoscale thunderstorm systems}},
url = {http://journals.ametsoc.org/doi/abs/10.1175/1520-0469(1959)016\%3C0454\%3APACAPI\%3E2.0.CO\%3B2},
volume = {16},
year = {1959}
}
@article{Fujitaetal2007,
author = {Fujita, Tadashi and Stensrud, David J. and Dowell, David C.},
file = {:Users/ahil818/Documents/Mendeley Desktop/2007/Fujitaetal2007.pdf:pdf},
issn = {0027-0644},
journal = {Monthly Weather Review},
month = may,
number = {5},
pages = {1846--1868},
title = {{Surface data assimilation using an ensemble Kalman filter approach with initial condition and model physics uncertainties}},
volume = {135},
year = {2007}
}
@article{Galarneauetal2012,
author = {Galarneau, Thomas J. and Hamill, Thomas M. and Dole, Randall M. and Perlwitz, Judith},
doi = {10.1175/MWR-D-11-00191.1},
file = {:Users/ahil818/Documents/Mendeley Desktop/2012/Galarneau et al. - 2012 - A Multiscale Analysis of the Extreme Weather Events over Western Russia and Northern Pakistan during July 2010.pdf:pdf},
issn = {0027-0644},
journal = {Monthly Weather Review},
month = may,
number = {5},
pages = {1639--1664},
title = {{A multiscale analysis of the extreme weather events over western russia and northern pakistan during July 2010}},
url = {http://journals.ametsoc.org/doi/abs/10.1175/MWR-D-11-00191.1},
volume = {140},
year = {2012}
}
@article{GarciesandHomar2010,
author = {Garcies, L. and Homar, V.},
file = {:Users/ahil818/Documents/Mendeley Desktop/2010/GarciesandHomar2010.pdf:pdf},
issn = {1684-9981},
journal = {Natural Hazards and Earth System Science},
month = dec,
number = {12},
pages = {2441--2450},
title = {{An optimized ensemble sensitivity climatology of Mediterranean intense cyclones}},
volume = {10},
year = {2010}
}
@article{GarciesandHomar2009,
author = {Garcies, L. and Homar, V.},
file = {:Users/ahil818/Documents/Mendeley Desktop/2009/GarciesandHomar2009.pdf:pdf},
issn = {02806495},
journal = {Tellus A},
month = may,
number = {3},
pages = {394--406},
title = {{Ensemble sensitivities of the real atmosphere: application to Mediterranean intense cyclones}},
volume = {61},
year = {2009}
}
@article{GaspariandCohn1999,
author = {Gaspari, Gaspari and Cohn, Stephen E.},
file = {:Users/ahil818/Documents/Mendeley Desktop/1999/GaspariandCohn.pdf:pdf},
journal = {Quarterly Journal of the Royal Meteorological Society},
pages = {723--757},
title = {{Construction of correlation functions in two and three dimensions}},
volume = {125},
year = {1999}
}
@article{Goswamietal1980,
author = {Goswami, BN and Keshavamurty, R. N. and Satyan, V.},
file = {:Users/ahil818/Documents/Mendeley Desktop/1980/Goswami, Keshavamurty, Satyan - 1980 - Role of barotropic, baroclinic, and combined barotropic-baroclinic instability for the growth of.pdf:pdf},
journal = {Proceedings of the Indian Academy of Sciences - Earth and Planetary Sciences},
pages = {79--97},
title = {{Role of barotropic, baroclinic, and combined barotropic-baroclinic instability for the growth of monsoon depressions and mid-tropospheric cyclones}},
volume = {89},
year = {1980}
}
@article{HaandSnyder2014,
author = {Ha, So-Young and Snyder, Chris},
file = {:Users/ahil818/Documents/Mendeley Desktop/2014/HaandSnyder2014.pdf:pdf},
issn = {0027-0644},
journal = {Monthly Weather Review},
month = apr,
number = {4},
pages = {1489--1508},
title = {{Influence of surface observations in mesoscale data assimilation using an ensemble Kalman filter}},
volume = {142},
year = {2014}
}
@article{HackerandSnyder2005,
author = {Hacker, JP and Snyder, C},
file = {:Users/ahil818/Documents/Mendeley Desktop/2005/HackerandSnyder2005.pdf:pdf},
journal = {Monthly weather review},
pages = {3260--3275},
title = {{Ensemble Kalman filter assimilation of fixed screen-height observations in a parameterized PBL}},
volume = {133},
year = {2005}
}
@incollection{HakimandTorn2008,
author = {Hakim, GJ and Torn, RD},
booktitle = {Synoptic—Dynamic Meteorology and Weather Analysis and Forecasting: A Tribute to Fred Sanders},
pages = {440 pages},
publisher = {American Meteorological Society},
title = {{Ensemble synoptic analysis}},
year = {2008}
}
@article{Hamilletal2013,
author = {Hamill, Thomas M. and Yang, Fanglin and Cardinali, Carla and Majumdar, Sharanya J.},
file = {:Users/ahil818/Documents/Mendeley Desktop/2013/Hamilletal2013.pdf:pdf},
issn = {0027-0644},
journal = {Monthly Weather Review},
month = jun,
number = {6},
pages = {2058--2065},
title = {{Impact of targeted winter storm reconnaissance dropwindsonde data on midlatitude numerical weather predictions}},
volume = {141},
year = {2013}
}
@article{HamillandSnyder2002,
author = {Hamill, TM and Snyder, C},
file = {:Users/ahil818/Documents/Mendeley Desktop/2002/HamillAndSnyder2002.pdf:pdf},
journal = {Monthly Weather Review},
number = {6},
pages = {1552--1572},
title = {{Using improved background-error covariances from an ensemble Kalman filter for adaptive observations}},
volume = {130},
year = {2002}
}
@article{Haneetal1993,
author = {Hane, CE and Ziegler, Conrad L. and Bluestein, Howard B.},
file = {:Users/ahil818/Documents/Mendeley Desktop/1993/Haneetal1993.pdf:pdf},
journal = {Bulletin of the American Meteorological Society},
pages = {2133--2145},
title = {{Investigation of the dryline and convective storms initiated along the dryline: field experiments during COPS-91}},
year = {1993}
}
@article{Hawblitzeletal2007,
author = {Hawblitzel, Daniel P. and Zhang, Fuqing and Meng, Zhiyong and Davis, Christopher A.},
file = {:Users/ahil818/Documents/Mendeley Desktop/2007/Hawblitzeletal2007MWR.pdf:pdf},
issn = {0027-0644},
journal = {Monthly Weather Review},
month = apr,
pages = {1544--1563},
title = {{Probabilistic evaluation of the dynamics and predictability of the mesoscale convective vortex of 10–13 June 2003}},
volume = {135},
year = {2007}
}
@inproceedings{Hilletal2013,
address = {Portland, OR},
author = {Hill, Aaron J. and Weiss, Christopher C. and Ancell, Brian C.},
booktitle = {15th Conference on Mesoscale Processes},
pages = {P11},
title = {{Utilizing ensemble sensitivity for data denial experiments of the 4 April 2012 Dallas, Texas dryline-initiated convective outbreak using west Texas mesonet observations and WRF-DART data assimilation}},
year = {2013}
}
@article{Hongetal2011,
author = {Hong, Chi-Cherng and Hsu, Huang-Hsiung and Lin, Nai-Hsin and Chiu, Hsun},
file = {:Users/ahil818/Documents/Mendeley Desktop/2011/Hong et al. - 2011 - Roles of European blocking and tropical-extratropical interaction in the 2010 Pakistan Flooding.pdf:pdf},
journal = {Geophysical Research Letters},
number = {13},
pages = {L13806},
title = {{Roles of European blocking and tropical-extratropical interaction in the 2010 Pakistan flooding}},
volume = {38},
year = {2011}
}
@article{Hongetal2006,
author = {Hong, SY and Noh, Y and Dudhia, J},
file = {:Users/ahil818/Documents/Mendeley Desktop/2006/Hongetal2006.pdf:pdf},
journal = {Monthly Weather Review},
pages = {2318--2342},
title = {{A new vertical diffusion package with an explicit treatment of entrainment processes}},
volume = {134},
year = {2006}
}
@article{HoutekamerandMitchell1998,
author = {Houtekamer, PL and Mitchell, HL},
file = {:Users/ahil818/Documents/Mendeley Desktop/1998/HoutekamerandMitchell1998.pdf:pdf},
journal = {Monthly Weather Review},
number = {1969},
pages = {796--811},
title = {{Data assimilation using an ensemble Kalman filter technique}},
year = {1998}
}
@article{Houzeetal2011,
author = {Houze, R. a. and Rasmussen, K. L. and Medina, S. and Brodzik, S. R. and Romatschke, U.},
doi = {10.1175/2010BAMS3173.1},
file = {:Users/ahil818/Documents/Mendeley Desktop/2011/Houze et al. - 2011 - Anomalous Atmospheric Events Leading to the Summer 2010 Floods in Pakistan.pdf:pdf},
issn = {0003-0007},
journal = {Bulletin of the American Meteorological Society},
month = mar,
number = {3},
pages = {291--298},
title = {{Anomalous atmospheric events leading to the summer 2010 floods in pakistan}},
url = {http://journals.ametsoc.org/doi/abs/10.1175/2010BAMS3173.1},
volume = {92},
year = {2011}
}
@article{Houzeetal2007,
author = {Houze, RA and Wilton, DC and Smull, BF},
doi = {10.1002/qj},
file = {:Users/ahil818/Documents/Mendeley Desktop/2007/Jr - 2007 - Monsoon convection in the Himalayan region as seen by the TRMM Precipitation Radar.pdf:pdf},
journal = {Quarterly Journal of the \ldots},
keywords = {accepted 2 march 2007,arabian sea,bay of bengal,convective echoes,deep convection,orographic precipitation,received 3 july 2006,revised 26 january 2007},
number = {August},
pages = {1389--1411},
title = {{Monsoon convection in the Himalayan region as seen by the TRMM precipitation radar}},
url = {http://onlinelibrary.wiley.com/doi/10.1002/qj.106/abstract},
volume = {1411},
year = {2007}
}
@article{Huelsingetal2011,
author = {Huelsing, Hannah and Khan, Sadiq and Hong, Yang and Vergara, Humberto},
file = {:Users/ahil818/Documents/Mendeley Desktop/2011/Huelsing et al. - 2011 - EVALUATION OF PRECIPITATION DIURNAL VARIABILITY BY TRMM CASE OF PAKISTAN ’ S 2010 INTENSE MONSOON.pdf:pdf},
pages = {1--11},
title = {{EVALUATION OF PRECIPITATION DIURNAL VARIABILITY BY TRMM : CASE OF PAKISTAN ’ S 2010 INTENSE MONSOON}},
url = {http://www.caps.ou.edu/reu/reu12/FinalPapersPDFs\_Website\_REU2012/Huelsing\_Hannah\_FinalPaper\_REU2012\_web.pdf},
year = {2011}
}
@article{Iguchietal2000a,
author = {Iguchi, T and Kozu, T and Meneghini, R},
file = {:Users/ahil818/Documents/Mendeley Desktop/2000/Division, Engineering - 2000 - Rain-Profiling Algorithm for the TRMM Precipitation Radar.pdf:pdf},
journal = {Journal of Applied \ldots},
pages = {2038--2052},
title = {{Rain-profiling algorithm for the TRMM precipitation radar}},
volume = {39},
year = {2000}
}
@article{Iguchietal2000b,
author = {Iguchi, Tosliiio and Kozu, T and Meneghini, R and Awaka, J and Okamoto, K},
journal = {Advances in Space Research},
number = {5},
pages = {973--976},
title = {{Rain-profiling algorithm for the TRMM precipitation radar data}},
volume = {25},
year = {2000}
}
@article{ItoandWu2013,
author = {Ito, Kosuke and Wu, Chun-Chieh},
file = {:Users/ahil818/Documents/Mendeley Desktop/2013/ItoandWu2013.pdf:pdf},
issn = {0022-4928},
journal = {Journal of the Atmospheric Sciences},
month = aug,
number = {8},
pages = {2525--2546},
title = {{Typhoon-position-oriented sensitivity analysis. Part I: Theory and verification}},
volume = {70},
year = {2013}
}
@article{Johnson1975,
author = {Johnson, RH},
file = {:Users/ahil818/Documents/Mendeley Desktop/1975/johnson1976\_downdrafts.pdf:pdf},
title = {{The role of convective scale precipitation downdrafts in cumulus and synoptic scale interactions}},
url = {http://johnson.atmos.colostate.edu/publications/refereed/johnson1976\_downdrafts.pdf},
year = {1975}
}
@article{Jungetal2012,
author = {Jung, BYoung-Joo and Zhang, Fuqing and Wu, Chun-Chieh},
file = {:Users/ahil818/Documents/Mendeley Desktop/2012/Jungetal2012.pdf:pdf},
issn = {1600-0870},
journal = {Tellus A},
keywords = {ensemble kalman filter,targeted dropsonde observations,typhoon best track,typhoon track forecast},
month = jan,
pages = {1--19},
title = {{Effect of targeted dropsonde observations and best track data on the track forecasts of Typhoon Sinlaku (2008) using an ensemble Kalman filter}},
volume = {64},
year = {2012}
}
@article{Kainetal2013,
author = {Kain, John S. and Coniglio, Michael C. and Correia, James and Clark, Adam J. and Marsh, Patrick T. and Ziegler, Conrad L. and Lakshmanan, Valliappa and Miller, Stuart D. and Dembek, Scott R. and Weiss, Steven J. and Kong, Fanyou and Xue, Ming and Sobash, Ryan a. and Dean, Andrew R. and Jirak, Israel L. and Melick, Christopher J.},
file = {:Users/ahil818/Documents/Mendeley Desktop/2013/Kainetal2013.pdf:pdf},
issn = {0003-0007},
journal = {Bulletin of the American Meteorological Society},
month = aug,
number = {8},
pages = {1213--1225},
title = {{A feasibility study for probabilistic convection initiation forecasts based on explicit numerical guidance}},
volume = {94},
year = {2013}
}
@article{Kain2004,
author = {Kain, JS},
file = {:Users/ahil818/Documents/Mendeley Desktop/2004/Kain2004.pdf:pdf},
journal = {Journal of Applied Meteorology},
number = {1980},
pages = {170--181},
title = {{The Kain–Fritsch convective parameterization: an update.}},
volume = {43},
year = {2004}
}
@article{Kalman1960,
author = {Kalman, RE},
file = {:Users/ahil818/Documents/Mendeley Desktop/1960/Kalman1960.pdf:pdf},
journal = {Journal of Basic Engineering},
number = {Series D},
pages = {35--45},
title = {{A new approach to linear filtering and prediction problems}},
volume = {82},
year = {1960}
}
@article{Kalnayetal1996,
author = {Kalnay, E and Kanamitsu, M and Kistler, R and Collins, W and Deaven, D and Gandin, L and Iredell, M and Saha, S and White, G and Woollen, J and Zhu, Y and Leetmaa, A and Reynolds, R and Chelliah, M and Ebisuzaki, W and Higgins, W and Janowiak, J and Mo, K C and Ropelewski, C and Wang, J and Jenne, Roy and Joseph, Dennis},
doi = {10.1175/1520-0477(1996)077<0437:TNYRP>2.0.CO;2},
file = {:Users/ahil818/Documents/Mendeley Desktop/1996/Kalnay et al. - 1996 - The NCEPNCAR 40-year reanalysis project.pdf:pdf},
institution = {Universit\{\'{e}\} de Savoie},
isbn = {8755024165},
issn = {00030007},
journal = {Bulletin of the American Meteorological Society},
number = {3},
pages = {437--471},
publisher = {[Lancaster, Pa., etc., American Meteorological Society]},
title = {{The NCEP/NCAR 40-year reanalysis project}},
url = {http://www.mendeley.com/research/declining-mountain-snowpack-in-western-north-america/},
volume = {77},
year = {1996}
}
@article{Kalnayetal2012,
author = {Kalnay, E and Ota, Y and Miyoshi, T and Liu, J},
file = {:Users/ahil818/Documents/Mendeley Desktop/2012/KalnayEtAl2012.pdf:pdf},
journal = {Tellus A},
pages = {1--9},
title = {{A simpler formulation of forecast sensitivity to observations : application to ensemble Kalman filters}},
volume = {64},
year = {2012}
}
@article{Kalnayetal2007,
author = {Kalnay, Eugenia and Li, Hong and Miyoshi, Takemasa and Yang, Shu-Chih and Ballabrera-Poy, Joaquim},
file = {:Users/ahil818/Documents/Mendeley Desktop/2007/Kalnayetal2007.pdf:pdf},
issn = {0280-6495},
journal = {Tellus A},
month = oct,
number = {5},
pages = {758--773},
title = {{4-D-Var or ensemble Kalman filter?}},
volume = {59},
year = {2007}
}
@article{KangandXu2012,
author = {Kang, W and Xu, L},
file = {:Users/ahil818/Documents/Mendeley Desktop/2012/KangAndXu2012.pdf:pdf},
journal = {Tellus A},
number = {17133},
pages = {1--12},
title = {{Optimal placement of mobile sensors for data assimilations}},
volume = {64},
year = {2012}
}
@article{KhareandAnderson2006,
author = {Khare, S. P. and Anderson, Jeffrey L.},
file = {:Users/ahil818/Documents/Mendeley Desktop/2006/KhareAndAnderson2006.pdf:pdf},
journal = {Tellus A},
pages = {179--195},
title = {{An examination of ensemble filter based adaptive observation methodologies}},
volume = {58A},
year = {2006}
}
@article{Kimetal2004,
author = {Kim, Hyun Mee and Morgan, Michael C. and Morss, Rebecca E.},
file = {:Users/ahil818/Documents/Mendeley Desktop/2004/Kimetal2004.pdf:pdf},
journal = {Journal of the Atmospheric Sciences},
pages = {795--812},
title = {{Evolution of analysis error and adjoint-based sensitivities: Implications for adaptive observations.}},
volume = {61},
year = {2004}
}
@article{KnopfmeierandStensrud2013,
author = {Knopfmeier, Kent H. and Stensrud, David J.},
file = {:Users/ahil818/Documents/Mendeley Desktop/2013/KnopfmeierandStensrud2013.pdf:pdf},
issn = {0882-8156},
journal = {Weather and Forecasting},
month = jun,
number = {3},
pages = {815--841},
title = {{Influence of mesonet observations on the accuracy of surface analyses generated by an ensemble Kalman filter}},
volume = {28},
year = {2013}
}
@article{KochandMcCarthy1982,
author = {Koch, SE and McCarthy, J},
file = {:Users/ahil818/Documents/Mendeley Desktop/1982/KochandMcCarthy1982.pdf:pdf},
journal = {Journal of the Atmospheric Sciences},
pages = {237--257},
title = {{The evolution of an Oklahoma dryline Part 2: Boundary-layer forcing of mesoconvective systems}},
year = {1982}
}
@article{Peters-lidard2012,
author = {Kumar, Anil and Jr, RA Houze and Rasmussen, Kristen L. and Lidard-Peters, Christa},
file = {:Users/ahil818/Documents/Mendeley Desktop/2013/Peters-lidard - 2012 - Journal of Hydrometeorology.pdf:pdf},
journal = {Journal of Hydrometeorology},
number = {October},
title = {{Simulation of a Flash Flooding Storm at the Steep Edge of the Himalayas}},
url = {http://journals.ametsoc.org/doi/abs/10.1175/JHM-D-12-0155.1},
year = {2013}
}
@article{Kuniietal2012,
author = {Kunii, Masaru and Miyoshi, Takemasa and Kalnay, Eugenia},
file = {:Users/ahil818/Documents/Mendeley Desktop/2012/Kuniietal2012.pdf:pdf},
issn = {0027-0644},
journal = {Monthly Weather Review},
month = jun,
number = {6},
pages = {1975--1987},
title = {{Estimating the impact of real observations in regional numerical weather prediction using an ensemble Kalman filter}},
volume = {140},
year = {2012}
}
@article{Laing1993,
author = {Laing, AG and Fritsch, JM},
file = {:Users/ahil818/Documents/Mendeley Desktop/1993/Laing, Fritsch - 1993 - Mesoscale Convective Complexes in Africa.pdf:pdf},
journal = {Monthly weather review},
number = {8},
pages = {2254--2263},
title = {{Mesoscale convective complexes in Africa}},
url = {http://journals.ametsoc.org/doi/abs/10.1175/1520-0493(1993)121\%3C2254\%3AMCCIA\%3E2.0.CO\%3B2},
volume = {121},
year = {1993}
}
@article{Langland2005,
author = {Langland, Rolf H.},
file = {:Users/ahil818/Documents/Mendeley Desktop/2005/Langland - 2005 - Issues in targeted observing.pdf:pdf},
issn = {00359009},
journal = {Quarterly Journal of the Royal Meteorological Society},
month = oct,
number = {613},
pages = {3409--3425},
title = {{Issues in targeted observing}},
volume = {131},
year = {2005}
}
@article{LanglandandBaker2004,
author = {Langland, Rolf H. and Baker, Nancy L.},
file = {:Users/ahil818/Documents/Mendeley Desktop/2004/LanglandAndBaker2004.pdf:pdf},
journal = {Tellus A},
number = {3},
pages = {189--201},
title = {{Estimation of observation impact using the NRL atmospheric variational data assimilation adjoint system}},
volume = {56},
year = {2004}
}
@article{LauandKim2012,
author = {Lau, William K. M. and Kim, Kyu-Myong},
file = {:Users/ahil818/Documents/Mendeley Desktop/2012/Lau, Kim - 2012 - The 2010 Pakistan Flood and Russian Heat Wave Teleconnection of Hydrometeorological Extremes.pdf:pdf},
journal = {Journal of Hydrometeorology},
number = {1},
pages = {392--403},
title = {{The 2010 Pakistan flood and russian heat wave: Teleconnection of hydrometeorological extremes}},
volume = {13},
year = {2012}
}
@article{LeDimetandTalagrand1986,
author = {LeDimet, F and Talagrand, O},
file = {:Users/ahil818/Documents/Mendeley Desktop/1986/LeDimetandTalagrand1986.pdf:pdf},
journal = {Tellus A},
pages = {4117--4134},
title = {{Variational algorithms for analysis and assimilation of meteorological observations: theoretical aspects}},
volume = {38A},
year = {1986}
}
@article{LiuandKalnay2008,
author = {Liu, Junjie and Kalnay, Eugenia},
file = {:Users/ahil818/Documents/Mendeley Desktop/2008/LiuAndKalnay2008.pdf:pdf},
journal = {Quarterly Journal of the Royal Meteorological Society},
keywords = {accepted 27 may 2008,adjoint model,ensemble sensitivity,monitoring observation quality,observation impact,received 16 december 2007,revised 14 may 2008},
number = {634},
pages = {1327--1335},
title = {{Estimating observation impact without adjoint model in an ensemble Kalman filter}},
volume = {134},
year = {2008}
}
@article{Lorenc2003,
author = {Lorenc, Andrew C.},
file = {:Users/ahil818/Documents/Mendeley Desktop/2003/Lorenc2003.pdf:pdf},
issn = {00359009},
journal = {Quarterly Journal of the Royal Meteorological Society},
month = oct,
number = {595},
pages = {3183--3203},
title = {{The potential of the ensemble Kalman filter for NWP—a comparison with 4D-Var}},
volume = {129},
year = {2003}
}
@article{Madausetal2014,
author = {Madaus, Luke E. and Hakim, Gregory J. and Mass, Clifford F.},
file = {:Users/ahil818/Documents/Mendeley Desktop/2014/Maduasetal2014EOR.pdf:pdf},
issn = {0027-0644},
journal = {Monthly Weather Review},
month = feb,
title = {{EOR utility of dense pressure observations for improving mesoscale analyses and forecasts}},
year = {2014}
}
@article{Mak1975,
author = {Mak, MK},
file = {:Users/ahil818/Documents/Mendeley Desktop/1975/Mak - 1975 - The monsoonal mid-tropospheric cyclogenesis.pdf:pdf},
journal = {Journal of Atmospheric Sciences},
pages = {2246--2253},
title = {{The monsoonal mid-tropospheric cyclogenesis}},
url = {http://adsabs.harvard.edu/abs/1975JAtS...32.2246M},
volume = {32},
year = {1975}
}
@article{Manselletal2007,
author = {Mansell, Edward R. and Ziegler, Conrad L. and MacGorman, Donald R.},
file = {:Users/ahil818/Documents/Mendeley Desktop/2007/Manselletal2007.pdf:pdf},
issn = {0027-0644},
journal = {Monthly Weather Review},
month = may,
number = {5},
pages = {1732--1748},
title = {{A lightning fata sssimilation yechnique for mesoscale gorecast models}},
volume = {135},
year = {2007}
}
@article{MartinandXue2006,
author = {Martin, WJ and Xue, M},
file = {:Users/ahil818/Documents/Mendeley Desktop/2006/MartinandXue2006.pdf:pdf},
journal = {Monthly Weather Review},
pages = {192--207},
title = {{Sensitivity analysis of convection of the 24 May 2002 IHOP case using very large ensembles}},
volume = {134},
year = {2006}
}
@article{Martiusetal2012,
author = {Martius, O. and Sodemann, H. and Joos, H. and Pfahl, S. and Winschall, A. and Croci-Maspoli, M. and Graf, M. and Madonna, E. and Mueller, B. and Schemm, S. and Sedl\'{a}\v{c}ek, J. and Sprenger, M. and Wernli, H.},
doi = {10.1002/qj.2082},
file = {:Users/ahil818/Documents/Mendeley Desktop/2012/Martius et al. - 2012 - The role of upper-level dynamics and surface processes for the Pakistan flood of July 2010.pdf:pdf},
issn = {00359009},
journal = {Quarterly Journal of the Royal Meteorological Society},
month = dec,
number = {July 2010},
pages = {n/a--n/a},
title = {{The role of upper-level dynamics and surface processes for the Pakistan flood of July 2010}},
year = {2012}
}
@article{McMurdieandAncell2013,
author = {McMurdie, Lynn a. and Ancell, Brian},
file = {:Users/ahil818/Documents/Mendeley Desktop/2013/McMurdieandAncell2014.pdf:pdf},
issn = {0027-0644},
journal = {Monthly Weather Review},
month = sep,
pages = {301--319},
title = {{Predictability characteristics of land-falling cyclones along the North American west coast}},
volume = {142},
year = {2013}
}
@article{Medinaetal2010,
author = {Medina, Socorro and Houze, Robert a. and Kumar, Anil and Niyogi, Dev},
doi = {10.1002/qj.601},
file = {:Users/ahil818/Documents/Mendeley Desktop/2010/Medina et al. - 2010 - Summer monsoon convection in the Himalayan region terrain and land cover effects.pdf:pdf},
issn = {00359009},
journal = {Quarterly Journal of the Royal Meteorological Society},
keywords = {accepted 8 february 2010,asian monsoon,convective systems,interscience 6 april 2010,mesoscale,orography,precipitating systems,published online in wiley,received 13 november 2008,revised 15 january 2010,simulation,surface heat flux gradients},
number = {April 2010 Part A},
pages = {593--616},
title = {{Summer monsoon convection in the Himalayan region: terrain and land cover effects}},
url = {http://doi.wiley.com/10.1002/qj.601},
volume = {136},
year = {2010}
}
@article{MelhauserandZhang2012,
author = {Melhauser, Christopher and Zhang, Fuqing},
file = {:Users/ahil818/Documents/Mendeley Desktop/2012/MelhauserZhang2012JAS.pdf:pdf},
issn = {0022-4928},
journal = {Journal of the Atmospheric Sciences},
month = nov,
number = {11},
pages = {3350--3371},
title = {{Practical and intrinsic predictability of severe and convective weather at the mesoscales}},
volume = {69},
year = {2012}
}
@article{MengandZhang2011,
author = {Meng, Zhiyong and Zhang, Fuqing},
file = {:Users/ahil818/Documents/Mendeley Desktop/2011/MengAndZhang2011.pdf:pdf},
journal = {Monthly Weather Review},
pages = {2025--2045},
title = {{Limited-area ensemble-based Data assimilation}},
volume = {139},
year = {2011}
}
@article{MengandZhang2008a,
author = {Meng, Zhiyong and Zhang, Fuqing},
file = {:Users/ahil818/Documents/Mendeley Desktop/2008/MengandZhang2008a.pdf:pdf},
issn = {0027-0644},
journal = {Monthly Weather Review},
month = feb,
number = {2},
pages = {522--540},
title = {{Tests of an ensemble Kalman filter for mesoscale and regional-scale data assimilation. Part III: Comparison with 3DVAR in a real-data case study}},
volume = {136},
year = {2008}
}
@article{MengandZhang2008b,
author = {Meng, Zhiyong and Zhang, Fuqing},
file = {:Users/ahil818/Documents/Mendeley Desktop/2008/MengandZhang2008b.pdf:pdf},
issn = {0027-0644},
journal = {Monthly Weather Review},
month = oct,
number = {10},
pages = {3671--3682},
title = {{Tests of an ensemble Kalman filter for mesoscale and regional-scale data assimilation. Part IV: Comparison with 3DVAR in a month-long experiment}},
volume = {136},
year = {2008}
}
@article{MengandZhang2007,
author = {Meng, Zhiyong and Zhang, Fuqing},
file = {:Users/ahil818/Documents/Mendeley Desktop/2007/MengandZhang2007.pdf:pdf},
issn = {0027-0644},
journal = {Monthly Weather Review},
month = apr,
number = {4},
pages = {1403--1423},
title = {{Tests of an ensemble Kalman filter for mesoscale and regional-scale data assimilation. Part II: Imperfect model experiments}},
volume = {135},
year = {2007}
}
@article{Mlaweretal1997,
author = {Mlawer, Eli J. and Taubman, Steven J. and Brown, Patrick D. and Iacono, Michael J. and Clough, Shepard a.},
file = {:Users/ahil818/Documents/Mendeley Desktop/1997/Mlaweretal1997.pdf:pdf},
issn = {0148-0227},
journal = {Journal of Geophysical Research},
keywords = {doi:10.1029/97JD00237,http://dx.doi.org/10.1029/97JD00237},
month = jul,
number = {D14},
pages = {16663--16682},
title = {{Radiative transfer for inhomogeneous atmospheres: RRTM, a validated correlated-k model for the longwave}},
volume = {102},
year = {1997}
}
@article{MorssandEmanuel2002,
author = {Morss, RE and Emanuel, KA},
file = {:Users/ahil818/Documents/Mendeley Desktop/2002/Morss, Emanuel - 2002 - Influence of added observations on analysis and forecast errors Results from idealized systems.pdf:pdf},
journal = {Quarterly Journal of the Royal Meteorological Society},
number = {579},
pages = {285--321},
title = {{Influence of added observations on analysis and forecast errors: Results from idealized systems}},
volume = {128},
year = {2002}
}
@article{Morssetal2001,
author = {Morss, RE and Emanuel, KA and Snyder, Chris},
file = {:Users/ahil818/Documents/Mendeley Desktop/2001/Morssetal2001.pdf:pdf},
journal = {Journal of the Atmospheric Sciences},
pages = {210--232},
title = {{Idealized adaptive observation strategies for improving numerical weather prediction}},
volume = {58},
year = {2001}
}
@article{Mujumdaretal2012,
author = {Mujumdar, Milind and Preethi, B. and Sabin, T. P. and Ashok, Karumuri and Saeed, Sajjad and Pai, D. S. and Krishnan, R.},
file = {:Users/ahil818/Documents/Mendeley Desktop/2012/Mujumdar et al. - 2012 - The Asian summer monsoon response to the La Nina event of 2010.pdf:pdf},
journal = {Meteorological Applications},
pages = {216--225},
title = {{The Asian summer monsoon response to the La Nina event of 2010}},
volume = {19},
year = {2012}
}
@article{Newton1966,
author = {Newton, Chester W.},
doi = {10.1111/j.2153-3490.1966.tb00291.x},
file = {:Users/ahil818/Documents/Mendeley Desktop/1966/j.2153-3490.1966.tb00291.x.pdf:pdf},
issn = {00402826},
journal = {Tellus},
month = nov,
number = {4},
pages = {699--713},
title = {{Circulations in large sheared cumulonimbus}},
url = {http://tellusa.net/index.php/tellusa/article/view/9690},
volume = {18},
year = {1966}
}
@article{Ota,
author = {Ota, Yoichiro and Derber, John C and Kalnay, Eugenia and Miyoshi, T},
title = {{Ensemble-based observation impact estimates using the NCEP GFS}}
}
@article{Papadopoulos2009,
author = {Papadopoulos, Anastasios and Serpetzoglou, Efthymios and Anagnostou, Emmanouil N.},
file = {:Users/ahil818/Documents/Mendeley Desktop/2009/Papadopoulosetal2009.pdf:pdf},
issn = {01698095},
journal = {Atmospheric Research},
keywords = {flash fl ood forecasting,lightning data assimilation},
month = dec,
number = {4},
pages = {715--725},
publisher = {Elsevier B.V.},
title = {{Evaluating the impact of lightning data assimilation on mesoscale model simulations of a flash flood inducing storm}},
volume = {94},
year = {2009}
}
@article{Paulson1970,
author = {Paulson, CA},
file = {:Users/ahil818/Documents/Mendeley Desktop/1970/Paulson1970.pdf:pdf},
journal = {Journal of Applied Meteorology},
pages = {857--861},
title = {{The mathematical representation of wind speed and temperature profiles in the unstable atmospheric surface layer}},
volume = {9},
year = {1970}
}
@article{Pessi2009,
author = {Pessi, Antti T. and Businger, Steven},
file = {:Users/ahil818/Documents/Mendeley Desktop/2009/PessiandBusinger.pdf:pdf},
issn = {0027-0644},
journal = {Monthly Weather Review},
month = oct,
number = {10},
pages = {3177--3195},
title = {{The impact of lightning data assimilation on a winter storm simulation over the North Pacific Ocean}},
volume = {137},
year = {2009}
}
@article{PoterjoyandZhang2014,
author = {Poterjoy, Jonathan and Zhang, Fuqing},
file = {:Users/ahil818/Documents/Mendeley Desktop/2014/PoterjoyandZhang2014.pdf:pdf},
issn = {0022-4928},
journal = {Journal of the Atmospheric Sciences},
month = apr,
number = {4},
pages = {1260--1275},
title = {{Predictability and genesis of Hurricane Karl (2010) examined through the EnKF assimilation of field observations collected during PREDICT}},
volume = {71},
year = {2014}
}
@article{QinandMu2011,
author = {Qin, Xiaohao and Mu, Mu},
file = {:Users/ahil818/Documents/Mendeley Desktop/2011/QinandMu2010.pdf:pdf},
issn = {0027-0644},
journal = {Monthly Weather Review},
month = jul,
number = {7},
pages = {2218--2232},
title = {{A study on the reduction of forecast error variance by three adaptive observation approaches for tropical cyclone prediction}},
volume = {139},
year = {2011}
}
@article{Rasmussen2011,
author = {Rasmussen, Kristen L. and Houze, Robert a.},
doi = {10.1175/MWR-D-10-05006.1},
file = {:Users/ahil818/Documents/Mendeley Desktop/2011/Rasmussen, Houze - 2011 - Orogenic Convection in Subtropical South America as Seen by the TRMM Satellite.pdf:pdf},
issn = {0027-0644},
journal = {Monthly Weather Review},
month = aug,
number = {8},
pages = {2399--2420},
title = {{Orogenic convection in subtropical South America as seen by the TRMM satellite}},
url = {http://journals.ametsoc.org/doi/abs/10.1175/MWR-D-10-05006.1},
volume = {139},
year = {2011}
}
@article{Rasmussen2012,
author = {Rasmussen, Kristen L. and Houze, Robert a.},
doi = {10.1175/BAMS-D-11-00236.1},
file = {:Users/ahil818/Documents/Mendeley Desktop/2012/Rasmussen, Houze - 2012 - A Flash-Flooding Storm at the Steep Edge of High Terrain Disaster in the Himalayas.pdf:pdf},
issn = {0003-0007},
journal = {Bulletin of the American Meteorological Society},
month = nov,
number = {11},
pages = {1713--1724},
title = {{A flash-flooding storm at the steep edge of high terrain: Disaster in the Himalayas}},
url = {http://journals.ametsoc.org/doi/abs/10.1175/BAMS-D-11-00236.1},
volume = {93},
year = {2012}
}
@article{Romatschke2011a,
author = {Romatschke, Ulrike and Houze, Robert a.},
doi = {10.1175/2010JHM1289.1},
file = {:Users/ahil818/Documents/Mendeley Desktop/2011/Romatschke, Houze - 2011 - Characteristics of Precipitating Convective Systems in the South Asian Monsoon(2).pdf:pdf},
issn = {1525-755X},
journal = {Journal of Hydrometeorology},
month = feb,
number = {1},
pages = {3--26},
title = {{Characteristics of precipitating convective systems in the South Asian monsoon}},
url = {http://journals.ametsoc.org/doi/abs/10.1175/2010JHM1289.1},
volume = {12},
year = {2011}
}
@article{Romatschke2013,
author = {Romatschke, Ulrike and Houze, Robert a.},
doi = {10.1175/JHM-D-12-060.1},
file = {:Users/ahil818/Documents/Mendeley Desktop/2013/Romatschke, Houze - 2013 - Characteristics of Precipitating Convective Systems Accounting for the Summer Rainfall of Tropical and Subtro.pdf:pdf},
issn = {1525-755X},
journal = {Journal of Hydrometeorology},
month = feb,
number = {1},
pages = {25--46},
title = {{Characteristics of precipitating convective systems accounting for the summer rainfall of tropical and subtropical South America}},
url = {http://journals.ametsoc.org/doi/abs/10.1175/JHM-D-12-060.1},
volume = {14},
year = {2013}
}
@article{Romatschke2011,
author = {Romatschke, Ulrike and Houze, Robert a.},
doi = {10.1175/2010JHM1311.1},
file = {:Users/ahil818/Documents/Mendeley Desktop/2011/Romatschke, Houze - 2011 - Characteristics of Precipitating Convective Systems in the Premonsoon Season of South Asia(3).pdf:pdf},
issn = {1525-755X},
journal = {Journal of Hydrometeorology},
month = apr,
number = {2},
pages = {157--180},
title = {{Characteristics of precipitating convective systems in the premonsoon season of South Asia}},
volume = {12},
year = {2011}
}
@article{Romatschke2010,
author = {Romatschke, Ulrike and Medina, Socorro and Houze, Robert a.},
doi = {10.1175/2009JCLI3140.1},
file = {:Users/ahil818/Documents/Mendeley Desktop/2010/Romatschke, Medina, Houze - 2010 - Regional, Seasonal, and Diurnal Variations of Extreme Convection in the South Asian Region.pdf:pdf},
issn = {0894-8755},
journal = {Journal of Climate},
month = jan,
number = {2},
pages = {419--439},
title = {{Regional, seasonal, and diurnal variations of extreme convection in the South Asian region}},
url = {http://journals.ametsoc.org/doi/abs/10.1175/2009JCLI3140.1},
volume = {23},
year = {2010}
}
@article{Sasaki1970,
author = {Sasaki, Y},
file = {:Users/ahil818/Documents/Mendeley Desktop/1970/Sasaki1970.pdf:pdf},
journal = {Monthly Weather Review},
number = {12},
pages = {875--883},
title = {{Some basic formalisms in numerical variational analysis}},
volume = {98},
year = {1970}
}
@article{Schroederetal2005,
author = {Schroeder, JL and Burgett, WS and Haynie, KB and Sonmez, I and Skwira, GD and Doggett, AL and Lipe, JW},
file = {:Users/ahil818/Documents/Mendeley Desktop/2005/Schroederetal2005.pdf:pdf},
journal = {Journal of Atmospheric and Oceanic Technology},
pages = {211--223},
title = {{The West Texas mesonet: A technical overview}},
volume = {22},
year = {2005}
}
@article{SchwartzandLiu2014,
author = {Schwartz, Craig S. and Liu, Zhiquan},
file = {:Users/ahil818/Documents/Mendeley Desktop/2014/SchwartzandLiu2014.pdf:pdf},
issn = {0027-0644},
journal = {Monthly Weather Review},
month = feb,
number = {2},
pages = {716--738},
title = {{Convection-permitting forecasts initialized with continuously cycling limited-area 3DVAR, ensemble Kalman filter, and “hybrid” variational–ensemble data assimilation systems}},
volume = {142},
year = {2014}
}
@article{Sikdar1970,
author = {Sikdar, DN and Suomi, VE and Anderson, CE},
file = {:Users/ahil818/Documents/Mendeley Desktop/1970/j.2153-3490.1970.tb00519.x.pdf:pdf},
journal = {Tellus},
title = {{Convective transport of mass and energy in severe storms over the United States-an estimate from a geostationary altitude}},
url = {http://onlinelibrary.wiley.com/doi/10.1111/j.2153-3490.1970.tb00519.x/abstract},
year = {1970}
}
@article{Sorbjan2010,
author = {Sorbjan, Zbigniew and Grachev, Andrey a.},
doi = {10.1007/s10546-010-9482-3},
file = {:Users/ahil818/Documents/Mendeley Desktop/2010/Sorbjan.pdf:pdf},
issn = {0006-8314},
journal = {Boundary-Layer Meteorology},
keywords = {cases-99 data,flux,flux-based scaling,gradient relationship,gradient-based scaling,monin,obukhov similarity,sheba data,stable boundary layer},
month = mar,
number = {3},
pages = {385--405},
title = {{An evaluation of the flux–gradient relationship in the stable boundary layer}},
volume = {135},
year = {2010}
}
@article{Stensrudetal2009,
author = {Stensrud, David J. and Yussouf, Nusrat and Dowell, David C. and Coniglio, Michael C.},
file = {:Users/ahil818/Documents/Mendeley Desktop/2009/Stensrudetal2009.pdf:pdf},
issn = {01698095},
journal = {Atmospheric Research},
month = jul,
number = {1-3},
pages = {207--220},
publisher = {Elsevier B.V.},
title = {{Assimilating surface data into a mesoscale model ensemble: Cold pool analyses from spring 2007}},
volume = {93},
year = {2009}
}
@article{Szunyoghetal1999,
author = {Szunyogh, I and Toth, Z and Emanuel, KA and Bishop, Craig H. and Snyder, C and Morss, RE and Woolen, J and Marchok, T},
file = {:Users/ahil818/Documents/Mendeley Desktop/1999/Szunyongetal1999.pdf:pdf},
journal = {Quarterly Journal of the Royal Meteorological Society},
keywords = {ensemble transform,et,fastex,storm-track experiment,targeted observations,technique fronts and atlantic},
pages = {3189--3217},
title = {{Ensemble‐based targeting experiments during FASTEX: The effect of dropsonde data from the lear jet}},
volume = {125},
year = {1999}
}
@article{Szunyoghetal2000,
author = {Szunyogh, I and Toth, Z and Morss, RE and Majumdar, Sharanya J. and Etherton, Brian J. and Bishop, Craig H.},
file = {:Users/ahil818/Documents/Mendeley Desktop/2000/Szunyogh2000.pdf:pdf},
journal = {Monthly Weather Review},
pages = {3520--3537},
title = {{The effect of targeted dropsonde observations during the 1999 Winter Storm Reconnaissance Program}},
volume = {128},
year = {2000}
}
@article{Thepautetal1993,
author = {Th\'{e}paut, JN and Hoffman, RN and Courtier, P},
file = {:Users/ahil818/Documents/Mendeley Desktop/1993/Thepautetal1993.pdf:pdf},
journal = {Monthly weather review},
pages = {3393--3414},
title = {{Interactions of dynamics and observations in a four-dimensional variational assimilation}},
volume = {121},
year = {1993}
}
@article{Thompsonetal2004,
author = {Thompson, Gregory and Rasmussen, Roy M. and Manning, Kevin},
file = {:Users/ahil818/Documents/Mendeley Desktop/2004/Thompsonetal2004.pdf:pdf},
journal = {Monthly Weather Review},
pages = {519--543},
title = {{Explicit forecasts of winter precipitation using an improved bulk microphysics scheme. Part I : Description and sensitivity analysis}},
volume = {132},
year = {2004}
}
@article{Todling2013,
author = {Todling, Ricardo},
file = {:Users/ahil818/Documents/Mendeley Desktop/2013/Todling2013.pdf:pdf},
issn = {0027-0644},
journal = {Monthly Weather Review},
month = may,
number = {5},
pages = {1484--1505},
title = {{Comparing two approaches for assessing observation impact}},
volume = {141},
year = {2013}
}
@article{Tornetal2006,
author = {Torn, RD and Hakim, GJ and Snyder, C},
file = {:Users/ahil818/Documents/Mendeley Desktop/2006/Torn, Hakim, Snyder - 2006 - Boundary conditions for limited-area ensemble Kalman filters.pdf:pdf},
journal = {Monthly Weather Review},
number = {9},
pages = {2490--2502},
title = {{Boundary conditions for limited-area ensemble Kalman filters}},
volume = {134},
year = {2006}
}
@article{Torn2014,
author = {Torn, Ryan D.},
doi = {10.1175/MWR-D-13-00284.1, in press},
file = {:Users/ahil818/Documents/Mendeley Desktop/2014/Torn2014EOR.pdf:pdf},
issn = {0027-0644},
journal = {Monthly Weather Review},
month = apr,
title = {{The impact of targeted dropwindsonde observations on tropical cyclone intensity forecasts of four weak systems during PREDICT}},
year = {2014}
}
@article{Torn2010,
author = {Torn, Ryan D.},
file = {:Users/ahil818/Documents/Mendeley Desktop/2010/Torn2010.pdf:pdf},
issn = {0882-8156},
journal = {Weather and Forecasting},
month = feb,
number = {1},
pages = {61--78},
title = {{Ensemble-based sensitivity analysis applied to african easterly waves}},
volume = {25},
year = {2010}
}
@article{TornandCook2013,
author = {Torn, Ryan D. and Cook, David},
file = {:Users/ahil818/Documents/Mendeley Desktop/2013/TornandCook2013.pdf:pdf},
issn = {0027-0644},
journal = {Monthly Weather Review},
month = jan,
number = {1},
pages = {232--251},
title = {{The role of vortex and environment errors in genesis forecasts of Hurricanes Danielle and Karl (2010)}},
volume = {141},
year = {2013}
}
@article{TornandHakim2008a,
author = {Torn, Ryan D. and Hakim, Gregory J.},
file = {:Users/ahil818/Documents/Mendeley Desktop/2008/Torn, Hakim - 2008 - Ensemble-Based Sensitivity Analysis.pdf:pdf},
issn = {0027-0644},
journal = {Monthly Weather Review},
month = feb,
number = {2},
pages = {663--677},
title = {{Ensemble-based sensitivity analysis}},
volume = {136},
year = {2008}
}
@article{TornandHakim2009,
author = {Torn, Ryan D. and Hakim, Gregory J.},
file = {:Users/ahil818/Documents/Mendeley Desktop/2009/TornAndHakim2009.pdf:pdf},
issn = {0027-0644},
journal = {Monthly Weather Review},
month = oct,
number = {10},
pages = {3388--3406},
title = {{Initial condition sensitivity of western Pacific extratropical transitions determined using ensemble-based sensitivity analysis}},
volume = {137},
year = {2009}
}
@article{TornandHakim2008b,
author = {Torn, Ryan D. and Hakim, Gregory J.},
file = {:Users/ahil818/Documents/Mendeley Desktop/2008/TornAndHakim2008.pdf:pdf},
issn = {0027-0644},
journal = {Monthly Weather Review},
month = oct,
pages = {3947--3963},
title = {{Performance characteristics of a pseudo-operational ensemble Kalman filter}},
volume = {136},
year = {2008}
}
@article{TyndallandHorel2013,
author = {Tyndall, Daniel P. and Horel, John D.},
file = {:Users/ahil818/Documents/Mendeley Desktop/2013/TyndallandHorel2013.pdf:pdf},
issn = {0882-8156},
journal = {Weather and Forecasting},
month = feb,
pages = {254--269},
title = {{Impacts of nesonet observations on meteorological surface analyses}},
volume = {28},
year = {2013}
}
@article{Ullah2013,
author = {Ullah, Kalim and Shouting, Gao},
file = {:Users/ahil818/Documents/Mendeley Desktop/2013/Ullah, Shouting - 2013 - A diagnostic study of convective environment leading to heavy rainfall during the summer monsoon 2010 over Pak.html:html},
journal = {Atmospheric Research},
pages = {226--239},
title = {{A diagnostic study of convective environment leading to heavy rainfall during the summer monsoon 2010 over Pakistan}},
volume = {120-121},
year = {2013}
}
@article{Wang2011,
author = {Wang, SYS and Davies, Robert and Gillies, Robert and Jin, Jiming},
file = {:Users/ahil818/Documents/Mendeley Desktop/2011/Wang et al. - 2011 - Changing Monsoon Extremes and Dynamics Example in Pakistan.pdf:pdf},
pages = {61--68},
title = {{Changing monsoon extremes and dynamics: Example in Pakistan}},
url = {http://cliserv.jql.usu.edu/paper/36cdpw-swang\_orl.pdf},
year = {2011}
}
@article{Webster2011,
author = {Webster, P. J. and Toma, V. E. and Kim, H.-M.},
doi = {10.1029/2010GL046346},
file = {:Users/ahil818/Documents/Mendeley Desktop/2011/Webster, Toma, Kim - 2011 - Were the 2010 Pakistan floods predictable.pdf:pdf},
issn = {00948276},
journal = {Geophysical Research Letters},
keywords = {2010 Pakistan flooding,doi:10.1029/2010GL046346,flood forecast,http://dx.doi.org/10.1029/2010GL046346},
month = feb,
number = {4},
pages = {L04806},
title = {{Were the 2010 Pakistan floods predictable?}},
url = {http://doi.wiley.com/10.1029/2010GL046346},
volume = {38},
year = {2011}
}
@article{WheatleyandStensrud2010,
author = {Wheatley, Dustan M. and Stensrud, David J.},
file = {:Users/ahil818/Documents/Mendeley Desktop/2010/WheatlyandStensrud2010.pdf:pdf},
issn = {0027-0644},
journal = {Monthly Weather Review},
month = may,
number = {5},
pages = {1673--1694},
title = {{The impact of assimilating surface pressure observations on severe weather events in a WRF mesoscale ensemble system}},
volume = {138},
year = {2010}
}
@article{Wheatleyetal2012,
author = {Wheatley, Dustan M. and Stensrud, David J. and Dowell, David C. and Yussouf, Nusrat},
file = {:Users/ahil818/Documents/Mendeley Desktop/2012/Wheatleyetal2012.pdf:pdf},
issn = {0027-0644},
journal = {Monthly Weather Review},
month = may,
pages = {1539--1557},
title = {{Application of a WRF mesoscale data assimilation system to springtime severe weather events 2007–09}},
volume = {140},
year = {2012}
}
@article{Xieetal2013,
author = {Xie, Baoguo and Zhang, Fuqing and Zhang, Qinghong and Poterjoy, Jonathan and Weng, Yonghui},
file = {:Users/ahil818/Documents/Mendeley Desktop/2013/Xieetal2013.pdf:pdf},
journal = {Monthly Weather Review},
pages = {1437--1453},
title = {{Observing strategy and observation targeting for tropical cyclones using ensemble-based sensitivity analysis and data assimilation}},
volume = {141},
year = {2013}
}
@article{Yuter1995,
author = {Yuter, SE and Jr, RA Houze},
file = {:Users/ahil818/Documents/Mendeley Desktop/1995/Yuter, Jr - 1995 - Three dimensional kinematic and microphysical evolution of Florida cumulonimbus. Part II Frequency distributions of v.pdf:pdf},
journal = {Monthly weather review},
pages = {1941--1963},
title = {{Three dimensional kinematic and microphysical evolution of Florida cumulonimbus. Part II: Frequency distributions of vertical velocity, reflectivity and differential}},
url = {http://www.atmos.washington.edu/~gcg/yuter/pdfs/MWR95\_yute\_three2.pdf},
volume = {123},
year = {1995}
}
@techreport{Zacketal2011a,
address = {Livermore, CA},
author = {Zack, J and Natenberg, E J and Knowe, G V and Waight, K and Manobianco, J and Hanley, D and Kamath, C},
file = {:Users/ahil818/Documents/Mendeley Desktop/2011/Zacketal2011a.pdf:pdf},
institution = {Lawrence Livermore National Labratory},
pages = {17},
title = {{Observing system simulation experiments (OSSEs) for the Mid-Columbia basin}},
year = {2011}
}
@techreport{Zacketal2010b,
address = {Livermore, CA},
author = {Zack, J and Natenberg, E and Young, S and Knowe, G V and Waight, K and Manobianco, J and Kamath, C},
file = {:Users/ahil818/Documents/Mendeley Desktop/2010/Zack et al. - 2010 - Application of Ensemble Sensitivity Analysis to Observation Targeting for Short-term Wind Speed Forecasting in the.pdf:pdf},
institution = {Lawrence Livermore National Labratory},
pages = {65},
title = {{Application of ensemble sensitivity analysis to observation targeting for short-term wind speed forecasting in the Washington-Oregon region}},
year = {2010}
}
@techreport{Zacketal2010c,
address = {Livermore, CA},
author = {Zack, J and Natenberg, E and Young, S and Knowe, G Van and Waight, K and Manobainco, J and Kamath, C},
file = {:Users/ahil818/Documents/Mendeley Desktop/2010/Zacketal2010c.pdf:pdf},
institution = {Lawrence Livermore National Labratory},
pages = {57},
title = {{Application of ensemble sensitivity analysis to observation targeting for short-term wind speed forecasting in the Tehachapi region winter season}},
year = {2010}
}
@techreport{Zacketal2010a,
address = {Livermore, CA},
author = {Zack, J and Natenberg, E and Young, S and Manobianco, J and Kamath, C},
file = {:Users/ahil818/Documents/Mendeley Desktop/2010/Zack et al. - 2010 - Application of Ensemble Sensitivity Analysis to Observation Targeting for Short-term Wind Speed Forecasting.pdf:pdf},
institution = {Lawrence Livermore National Labratory},
pages = {32},
title = {{Application of ensemble sensitivity analysis to observation targeting for short-term wind speed forecasting}},
year = {2010}
}
@techreport{Zacketal2011b,
address = {Livermore, CA},
author = {Zack, J and Natenberg, EJ and Knowe, GV and Manobianco, J and Waight, K and Hanley, D and Kamath, C},
file = {:Users/ahil818/Documents/Mendeley Desktop/2011/Zacketal2011b.pdf:pdf},
institution = {Lawrence Livermore National Labratory},
pages = {33},
title = {{Use of data denial experiments to evaluate ESA forecast sensitivity patterns}},
year = {2011}
}
@phdthesis{Zhang2010,
author = {Zhang, Fuqing},
pages = {144},
school = {The Pennsylvania State University},
title = {{Inter-comparison and coupling of the ensemble-based and variational data assimilation schemes}},
type = {Ph.D. disseration},
year = {2010}
}
@article{Zhangetal2006,
author = {Zhang, Fuqing and Meng, Zhiyong and Aksoy, Altug},
file = {:Users/ahil818/Documents/Mendeley Desktop/2006/Zhangetal2006.pdf:pdf},
issn = {0027-0644},
journal = {Monthly Weather Review},
month = feb,
number = {2},
pages = {722--736},
title = {{Tests of an ensemble Kalman filter for mesoscale and regional-scale data assimilation. Part I: Perfect model experiments}},
volume = {134},
year = {2006}
}
@article{Zhangetal2009,
author = {Zhang, Fuqing and Zhang, Meng and Hansen, James A.},
journal = {Advances in Atmospheric Science},
pages = {1--8},
title = {{Coupling ensemble Kalman filter with four dimensional variational data assimilation}},
volume = {26},
year = {2009}
}
@article{ZhangandZhang2012,
author = {Zhang, Meng and Zhang, Fuqing},
file = {:Users/ahil818/Documents/Mendeley Desktop/2012/ZhangandZhang2012.pdf:pdf},
issn = {0027-0644},
journal = {Monthly Weather Review},
month = feb,
pages = {587--600},
title = {{E4DVar: Coupling an ensemble Kalman filter with four-dimensional variational data assimilation in a limited-area weather prediction model}},
volume = {140},
year = {2012}
}
@article{Zhangetal2011,
author = {Zhang, Meng and Zhang, Fuqing and Huang, Xiang-Yu and Zhang, Xin},
file = {:Users/ahil818/Documents/Mendeley Desktop/2011/Zhangetal2011.pdf:pdf},
journal = {Monthly Weather Review},
pages = {566--572},
title = {{Intercomparison of an ensemble Kalman filter with three- and four- dimensional variational data assimilation methods in a limited-area model over the month of June 2003}},
volume = {139},
year = {2011}
}
@article{Ziegleretal1997,
author = {Ziegler, Conrad L. and Lee, Tsengdar J. and {Pielke Sr.}, Roger A.},
file = {:Users/ahil818/Documents/Mendeley Desktop/1997/Ziegleretal1997.pdf:pdf},
journal = {Monthly Weather Review},
pages = {1001--1026},
title = {{Convective initiation at the dryline : A modeling study}},
year = {1997}
}
@article{Zipser2006,
author = {Zipser, E. J. and Liu, Chuntao and Cecil, Daniel J. and Nesbitt, Stephen W. and Yorty, David P.},
doi = {10.1175/BAMS-87-8-1057},
file = {:Users/ahil818/Documents/Mendeley Desktop/2006/Zipser et al. - 2006 - Where Are the Most Intense Thunderstorms on Earth.pdf:pdf},
issn = {0003-0007},
journal = {Bulletin of the American Meteorological Society},
month = aug,
number = {8},
pages = {1057--1071},
title = {{Where are the most intense thunderstorms on earth?}},
url = {http://journals.ametsoc.org/doi/abs/10.1175/BAMS-87-8-1057},
volume = {87},
year = {2006}
}
